@misc{stackexchange,
author = {ttnphns},
title = {How does centering the data get rid of the intercept in regression and PCA?},
OPTkey = {stackexchange},
OPTmonth = {november},
OPTyear = {2021},
}


