@Book{book,
ALTauthor = {Christopher Bishop},
ALTeditor = {Springer},
title = {Pattern Recognition and Machine Learning},
publisher = {Springer},
year = {2006}
}
